<record><leader>00000cas a22000007a 4500</leader><controlfield tag="001">10333847</controlfield><controlfield tag="008">840124d19111918mtuwr ne      0    0eng d</controlfield><datafield ind1=" " ind2=" " tag="010"><subfield code="a">sn 84036019 </subfield></datafield><datafield ind1=" " ind2=" " tag="040"><subfield code="a">MTL</subfield><subfield code="b">eng</subfield><subfield code="c">MTL</subfield><subfield code="d">OCLCQ</subfield></datafield><datafield ind1=" " ind2=" " tag="042"><subfield code="a">msc</subfield></datafield><datafield ind1="0" ind2=" " tag="130"><subfield code="a">Augusta times (Augusta, Mont.)</subfield></datafield><datafield ind1="1" ind2="4" tag="245"><subfield code="a">The Augusta times.</subfield></datafield><datafield ind1=" " ind2=" " tag="260"><subfield code="a">Augusta, Mont. :</subfield><subfield code="b">W.J. Rendall</subfield></datafield><datafield ind1=" " ind2=" " tag="300"><subfield code="a">v. :</subfield><subfield code="b">ill.</subfield></datafield><datafield ind1=" " ind2=" " tag="310"><subfield code="a">Weekly</subfield></datafield><datafield ind1="1" ind2=" " tag="362"><subfield code="a">Began Oct. 6, 1911?; ceased in June 1918.</subfield></datafield><datafield ind1=" " ind2=" " tag="588"><subfield code="a">Description based on: Vol. 4, no. 8 (Nov. 20, 1914).</subfield></datafield><datafield ind1=" " ind2=" " tag="752"><subfield code="a">United States</subfield><subfield code="b">Montana</subfield><subfield code="c">Lewis and Clark</subfield><subfield code="d">Augusta.</subfield></datafield><datafield ind1="0" ind2="7" tag="785"><subfield code="t">Gilman optimist</subfield><subfield code="w">(DLC)sn 85053137</subfield></datafield><datafield ind1="0" ind2="7" tag="785"><subfield code="t">Times-optimist</subfield><subfield code="w">(DLC)sn 85053138</subfield></datafield><datafield ind1="1" ind2=" " tag="029"><subfield code="a">AU@</subfield><subfield code="b">000025808453</subfield></datafield></record>